<?xml version="1.0" encoding="UTF-8"?><record xmlns="http://www.loc.gov/MARC21/slim" xmlns:cinclude="http://apache.org/cocoon/include/1.0" xmlns:zs="http://www.loc.gov/zing/srw/">
  <leader>01137cz  a2200265n  4500</leader>
  <controlfield tag="001">n 2005207121</controlfield>
  <controlfield tag="003">DLC</controlfield>
  <controlfield tag="005">20130608051049.0</controlfield>
  <controlfield tag="008">050906n| azannaabn          |a aaa      </controlfield>
  <datafield tag="010" ind1=" " ind2=" ">
    <subfield code="a">n 2005207121</subfield>
  </datafield>
  <datafield tag="035" ind1=" " ind2=" ">
    <subfield code="a">(OCoLC)oca06726157</subfield>
  </datafield>
  <datafield tag="035" ind1=" " ind2=" ">
    <subfield code="a">(Uk)006275506</subfield>
  </datafield>
  <datafield tag="040" ind1=" " ind2=" ">
    <subfield code="a">DLC</subfield>
    <subfield code="b">eng</subfield>
    <subfield code="e">rda</subfield>
    <subfield code="c">DLC</subfield>
    <subfield code="d">DLC</subfield>
    <subfield code="d">InU</subfield>
    <subfield code="d">DLC</subfield>
    <subfield code="d">Uk</subfield>
  </datafield>
  <datafield tag="046" ind1=" " ind2=" ">
    <subfield code="f">19630831</subfield>
    <subfield code="g">20130530</subfield>
  </datafield>
  <datafield tag="100" ind1="1" ind2=" ">
    <subfield code="a">Ghosh, Rituparno</subfield>
  </datafield>
  <datafield tag="370" ind1=" " ind2=" ">
    <subfield code="a">Calcutta, India</subfield>
    <subfield code="b">Kolkata, India</subfield>
  </datafield>
  <datafield tag="374" ind1=" " ind2=" ">
    <subfield code="a">Author</subfield>
    <subfield code="a">Film director</subfield>
  </datafield>
  <datafield tag="375" ind1=" " ind2=" ">
    <subfield code="a">male</subfield>
  </datafield>
  <datafield tag="377" ind1=" " ind2=" ">
    <subfield code="a">ben</subfield>
  </datafield>
  <datafield tag="400" ind1="0" ind2=" ">
    <subfield code="a">Rituparno Ghosh</subfield>
  </datafield>
  <datafield tag="400" ind1="1" ind2=" ">
    <subfield code="a">Ghosha, R̥tuparṇa</subfield>
  </datafield>
  <datafield tag="400" ind1="0" ind2=" ">
    <subfield code="a">R̥tuparṇa Ghosha</subfield>
  </datafield>
  <datafield tag="670" ind1=" " ind2=" ">
    <subfield code="a">Mishra, Debojyoti. Raincoat, p2004:</subfield>
    <subfield code="b">inlay sheet (lyricist and director, Rituparno Ghosh)</subfield>
  </datafield>
  <datafield tag="670" ind1=" " ind2=" ">
    <subfield code="a">Baṛioẏāli, 2005:</subfield>
    <subfield code="b">disc label (R̥tuparṇa Ghosha; film director; author)</subfield>
  </datafield>
  <datafield tag="670" ind1=" " ind2=" ">
    <subfield code="a">New York times (online), viewed June 4, 2013</subfield>
    <subfield code="b">(in obituary published June 3: Rituparno Ghosh; b. Aug. 31, 1963, Calcutta; d. Thursday [May 30, 2013], Calcutta, aged 49; award-winning, internationally known Bengali director whose films about women, sexuality, and urban life challenged conservative sensibilities in India)</subfield>
  </datafield>
</record>